101 322271627 3222716272412101555A094101Chase                  BEST MEATS   PRODUCTS I        
5200BEST MEATS   PROPAYROLL             1812556016PPDPAYROLL   121324241213   1322271620000001
6221220002470444251573       0000030000001            CHERMISQUI              0322271620000003
6221220002470444251573       0000010500001            CHERMISQUI              0322271620000004
622322271627786133832        00000885213              GUTIERREZ, MICHAEL      0322271620000005
622031101279389102838205     00000200003              GUTIERREZ, MICHAEL      0322271620000006
622322271627920671770        000004554611             IBARRA, CARLOS BRYAN    0322271620000007
6223252720211700018349818    00001085214              NUNEZ, CLAUDIA          0322271620000008
627322271627786206117        0000303088322271627      BEST MEATS   PRODUCTS OF0322271620000009
820000000701567188630000003030880000003030881812556016                         322271620000001
9000001000002000000070156718863000000303088000000303088                                       
9999999999999999999999999999999999999999999999999999999999999999999999999999999999999999999999
9999999999999999999999999999999999999999999999999999999999999999999999999999999999999999999999
9999999999999999999999999999999999999999999999999999999999999999999999999999999999999999999999
9999999999999999999999999999999999999999999999999999999999999999999999999999999999999999999999
9999999999999999999999999999999999999999999999999999999999999999999999999999999999999999999999
9999999999999999999999999999999999999999999999999999999999999999999999999999999999999999999999
9999999999999999999999999999999999999999999999999999999999999999999999999999999999999999999999
9999999999999999999999999999999999999999999999999999999999999999999999999999999999999999999999
9999999999999999999999999999999999999999999999999999999999999999999999999999999999999999999999
