101 322271627 3222716272412031657A094101Chase                  BEST MEATS   PRODUCTS I        
5200BEST MEATS   PROPAYROLL             1812556016PPDPAYROLL   120324241203   1322271620000001
6221220002470444251573       0000055000001            CHERMISQUI              0322271620000003
627322271627786206117        0000055000322271627      BEST MEATS   PRODUCTS OF0322271620000004
820000000200444271860000000550000000000550001812556016                         322271620000001
9000001000001000000020044427186000000055000000000055000                                       
9999999999999999999999999999999999999999999999999999999999999999999999999999999999999999999999
9999999999999999999999999999999999999999999999999999999999999999999999999999999999999999999999
9999999999999999999999999999999999999999999999999999999999999999999999999999999999999999999999
9999999999999999999999999999999999999999999999999999999999999999999999999999999999999999999999
