101 322271627 3222716272411051439A094101Chase                  BEST MEATS   PRODUCTS I        
5200BEST MEATS   PROPAYROLL             1812556016PPDPAYROLL   110824241108   1322271620000001
6221220002470444251573       0000010500001            CHERMISQUI              0322271620000003
622322271627786133832        00000885213              GUTIERREZ, MICHAEL      0322271620000004
622031101279389102838205     00000200003              GUTIERREZ, MICHAEL      0322271620000005
622322271627920671770        000003301711             IBARRA, CARLOS BRYAN    0322271620000006
6223252720211700018349818    00001085214              NUNEZ, CLAUDIA          0322271620000007
627322271627786206117        0000260559322271627      BEST MEATS   PRODUCTS OF0322271620000008
820000000601445188390000002605590000002605591812556016                         322271620000001
9000001000002000000060144518839000000260559000000260559                                       
9999999999999999999999999999999999999999999999999999999999999999999999999999999999999999999999
9999999999999999999999999999999999999999999999999999999999999999999999999999999999999999999999
9999999999999999999999999999999999999999999999999999999999999999999999999999999999999999999999
9999999999999999999999999999999999999999999999999999999999999999999999999999999999999999999999
9999999999999999999999999999999999999999999999999999999999999999999999999999999999999999999999
9999999999999999999999999999999999999999999999999999999999999999999999999999999999999999999999
9999999999999999999999999999999999999999999999999999999999999999999999999999999999999999999999
9999999999999999999999999999999999999999999999999999999999999999999999999999999999999999999999
9999999999999999999999999999999999999999999999999999999999999999999999999999999999999999999999
9999999999999999999999999999999999999999999999999999999999999999999999999999999999999999999999
