101 322271627 3222716272411121413A094101Chase                  BEST MEATS   PRODUCTS I        
5200BEST MEATS   PROPAYROLL             1812556016PPDPAYROLL   111524241115   1322271620000001
6221220002470444251573       0000010500001            CHERMISQUI              0322271620000003
622322271627786133832        00000885213              GUTIERREZ, MICHAEL      0322271620000004
622031101279389102838205     00000200003              GUTIERREZ, MICHAEL      0322271620000005
6223252720211700018349818    00001085214              NUNEZ, CLAUDIA          0322271620000006
627322271627786206117        0000227542322271627      BEST MEATS   PRODUCTS OF0322271620000007
820000000501122916770000002275420000002275421812556016                         322271620000001
9000001000001000000050112291677000000227542000000227542                                       
9999999999999999999999999999999999999999999999999999999999999999999999999999999999999999999999
