101 322271627 3222716272411251611A094101Chase                  BEST MEATS   PRODUCTS I        
5200BEST MEATS   PROPAYROLL             1812556016PPDPAYROLL   112924241129   1322271620000001
6221220002470444251573       0000010500001            CHERMISQUI              0322271620000003
622322271627786133832        00000885213              GUTIERREZ, MICHAEL      0322271620000004
622031101279389102838205     00000200003              GUTIERREZ, MICHAEL      0322271620000005
622322271627920671770        000004156411             IBARRA, CARLOS BRYAN    0322271620000006
6223252720211700018349818    00001085214              NUNEZ, CLAUDIA          0322271620000007
627322271627786206117        0000269106322271627      BEST MEATS   PRODUCTS OF0322271620000008
820000000601445188390000002691060000002691061812556016                         322271620000001
9000001000002000000060144518839000000269106000000269106                                       
9999999999999999999999999999999999999999999999999999999999999999999999999999999999999999999999
9999999999999999999999999999999999999999999999999999999999999999999999999999999999999999999999
9999999999999999999999999999999999999999999999999999999999999999999999999999999999999999999999
9999999999999999999999999999999999999999999999999999999999999999999999999999999999999999999999
9999999999999999999999999999999999999999999999999999999999999999999999999999999999999999999999
9999999999999999999999999999999999999999999999999999999999999999999999999999999999999999999999
9999999999999999999999999999999999999999999999999999999999999999999999999999999999999999999999
9999999999999999999999999999999999999999999999999999999999999999999999999999999999999999999999
9999999999999999999999999999999999999999999999999999999999999999999999999999999999999999999999
9999999999999999999999999999999999999999999999999999999999999999999999999999999999999999999999
