101 122000247 1220002472411250925A094101WELLS FARGO            DELGADO S AUTO REPAIR          
5200DELGADO S AUTO RPAYROLL             1844925808PPDPAYROLL   112924241129   1122000240000001
6221220002470444251573       0000005800001            CHERMISQUI              0122000240000003
62232228399010011300000673   00000576002              MARTINEZ-FUENTES, VICT  0122000240000004
6271220002473494670023       0000063400122000247      DELGADO S AUTO REPAIR OF0122000240000005
820000000300566284470000000634000000000634001844925808                         122000240000001
9000001000001000000030056628447000000063400000000063400                                       
9999999999999999999999999999999999999999999999999999999999999999999999999999999999999999999999
9999999999999999999999999999999999999999999999999999999999999999999999999999999999999999999999
9999999999999999999999999999999999999999999999999999999999999999999999999999999999999999999999
